@misc{websiteITF,
  author = {ITF},
  title = {About the International Transport Forum},
  howpublished = {\url{https://www.itf-oecd.org/about-itf}}
}

@misc{websiteMoralMachine,
  author = {Massachusetts Institute of Technology},
  title = {Moral Machine},
  howpublished = {\url{http://moralmachine.mit.edu/}},
  year = {2019},
  month = {10}
}

@misc{standardSea,
  title = {Taxonomy and Definitions for Terms Related to Driving Automation Systems for On-Road Motor Vehicles},
  author = {On-Road Automated Driving (ORAD) committee},
  publishedby = {SEA MOBILEUS},
  year = {2018},
  month = {6},
  day = {15},
  howpublished = {\url{https://saemobilus.sae.org/content/J3016_201806}}
}