@article{smith2015automated,
  title = {Automated and autonomous driving: regulation under uncertainty},
  author = {Smith, Bryant Walker and Svensson, Joakim},
  year = {2015},
  month = {4},
  day = {30},
  url = {https://www.itf-oecd.org/managing-transition-driverless-road-freight-transport}
}


@article{stocker2017,
  title = {Shared Automated Vehicles: Review of Business Models},
  author = {Adam Stocker, Susan Shaheen},
  year = {2017},
  month = {7},
  day = {20},
  publisher = {ITF},
  url = {https://www.itf-oecd.org/shared-automated-vehicles-review-business-models}
}


@article{doi:10.1080/01441647.2018.1494640,
  author = {Araz Taeihagh and Hazel Si Min Lim},
  title = {Governing autonomous vehicles: emerging responses for safety, liability, privacy, cybersecurity, and industry risks},
  journal = {Transport Reviews},
  volume = {39},
  number = {1},
  pages = {103-128},
  year  = {2019},
  publisher = {Routledge},
  doi = {10.1080/01441647.2018.1494640},
  url = {https://doi.org/10.1080/01441647.2018.1494640},
  eprint = {https://doi.org/10.1080/01441647.2018.1494640}
}

@Booklet{EasyChair:1305,
  author = {Poondru Prithvinath Reddy},
  title = {Autonomous Car: Deployment of Reinforcement Learning in Various Autonomous Driving Applications},
  howpublished = {EasyChair Preprint no. 1305},
  year = {EasyChair, 2019}
}